@article{scott2024matrix,
  title={Matrix profile data mining for {BGP} anomaly detection},
  author={Scott, Benjamin and Johnstone, Michael N. and Szewczyk, Patryk and Richardson, Shannon},
  journal={Computer Networks},
  volume={242},
  pages={110257},
  year={2024},
  publisher={Elsevier},
  doi={10.1016/j.comnet.2024.110257},
  url={https://doi.org/10.1016/j.comnet.2024.110257}
}

@article{cheng2021multiscale,
  title={Multi-scale {LSTM} model for {BGP} anomaly classification},
  author={Cheng, Mingxing and Li, Qi and Lv, Jianxin and Liu, Wenyin and Wang, Jianping},
  journal={IEEE Transactions on Services Computing},
  volume={14},
  number={3},
  pages={765--778},
  year={2021},
  publisher={IEEE},
  doi={10.1109/TSC.2018.2824809},
  url={https://doi.org/10.1109/TSC.2018.2824809}
}

@article{tan2024recognizing,
  title={Recognizing {BGP} communities based on graph neural network},
  author={Tan, Yafei and Huang, Weizhe and You, Yijia and Su, Sen and Lu, Hui},
  journal={IEEE Network},
  volume={38},
  number={6},
  pages={232--238},
  year={2024},
  publisher={IEEE},
  doi={10.1109/MNET.2024.3435863},
  url={https://doi.org/10.1109/MNET.2024.3435863}
}

@article{mohammed2021machine,
  title={A machine-learning-based action recommender for network operation centers},
  author={Mohammed, Sana A. and Mohammed, Ali R. and C{\^o}t{\'e}, Daniel and Shirmohammadi, Shervin},
  journal={IEEE Transactions on Network and Service Management},
  volume={18},
  number={3},
  pages={2702--2713},
  year={2021},
  publisher={IEEE},
  doi={10.1109/TNSM.2021.3091424},
  url={https://doi.org/10.1109/TNSM.2021.3091424}
}

@article{liu2008isolation,
  title={Isolation forest},
  author={Liu, Fei Tony and Ting, Kai Ming and Zhou, Zhi-Hua},
  booktitle={2008 Eighth IEEE International Conference on Data Mining},
  pages={413--422},
  year={2008},
  organization={IEEE},
  doi={10.1109/ICDM.2008.17},
  url={https://doi.org/10.1109/ICDM.2008.17}
}

@article{zhou2022deepsyslog,
  title={{DeepSyslog}: Deep anomaly detection on syslog using sentence embedding and metadata},
  author={Zhou, Junwei and Qian, Yijia and Zou, Qingtian and Liu, Peng and Xiang, Jianwen},
  journal={IEEE Transactions on Information Forensics and Security},
  volume={17},
  pages={3051--3066},
  year={2022},
  publisher={IEEE},
  doi={10.1109/TIFS.2022.3197493},
  url={https://doi.org/10.1109/TIFS.2022.3197493}
}

@article{liu2024layered,
  title={Layered isolation forest: A multi-level subspace algorithm for improving {Isolation Forest}},
  author={Liu, Tao and Zhou, Zhen and Yang, Lijun},
  journal={Neurocomputing},
  volume={582},
  pages={127489},
  year={2024},
  publisher={Elsevier},
  doi={10.1016/j.neucom.2024.127489},
  url={https://doi.org/10.1016/j.neucom.2024.127489}
}

@inproceedings{allagi2019analysis,
  title={Analysis of network log data using machine learning},
  author={Allagi, Shivashankar and Rachh, Ruchita},
  booktitle={2019 IEEE 5th International Conference for Convergence in Technology (I2CT)},
  pages={466--469},
  year={2019},
  organization={IEEE},
  doi={10.1109/I2CT45611.2019.9033640},
  url={https://doi.org/10.1109/I2CT45611.2019.9033640}
}

@article{skazin2021detection,
  title={Detection of network anomalies in log files using machine learning methods},
  author={Skazin, Vasily A. and Pavlychev, Aleksandr V. and Zotov, Sergey S.},
  journal={IOP Conference Series: Materials Science and Engineering},
  volume={1069},
  pages={012021},
  year={2021},
  publisher={IOP Publishing},
  doi={10.1088/1757-899X/1069/1/012021},
  url={https://doi.org/10.1088/1757-899X/1069/1/012021}
}

@article{feltin2023feature,
  title={Feature selection for network telemetry analysis},
  author={Feltin, Fabien and Messina, Enzo and others},
  journal={Computer Networks},
  year={2023},
  note={Referenced in project documentation}
}

@article{manna2019machine,
  title={Machine learning for {SNMP-MIB} dataset classification},
  author={Manna, Sharif and Alkasassbeh, Mouhammd},
  journal={International Journal of Computer Networks \& Communications},
  volume={11},
  number={6},
  pages={45--60},
  year={2019},
  doi={10.5121/ijcnc.2019.11604},
  url={https://doi.org/10.5121/ijcnc.2019.11604}
}

@article{wang2020network,
  title={Network monitoring and anomaly detection using machine learning},
  author={Wang, Qi},
  journal={Journal of Network and Computer Applications},
  year={2020},
  note={Referenced in project documentation}
}

@misc{mueen2017matrix,
  title={Matrix profile tutorial},
  author={Mueen, Abdullah and Keogh, Eamonn},
  year={2017},
  howpublished={KDD 2017 Tutorial},
  url={https://www.cs.ucr.edu/~eamonn/MatrixProfile.html},
  note={Part 1: \url{https://www.cs.ucr.edu/~eamonn/Matrix_Profile_Tutorial_Part1.pdf}, Part 2: \url{https://www.cs.ucr.edu/~eamonn/Matrix_Profile_Tutorial_Part2.pdf}}
}

