@article{cheng2021,
  author = {Cheng, M. and Li, Q. and Lv, J. and Liu, W. and Wang, J.},
  title = {Multi-Scale LSTM Model for BGP Anomaly Classification},
  journal = {IEEE Transactions on Services Computing},
  volume = {14},
  number = {3},
  pages = {765--778},
  year = {2021},
  publisher = {IEEE}
}

@article{mohammed2021,
  author = {Mohammed, S. A. and Mohammed, A. R. and Côté, D. and Shirmohammadi, S.},
  title = {A machine-learning-based action recommender for Network Operation Centers},
  journal = {IEEE Transactions on Network and Service Management},
  volume = {18},
  number = {3},
  pages = {2702--2713},
  year = {2021},
  publisher = {IEEE}
}

@article{scott2024,
  author = {Scott, B. and Johnstone, M. N. and Szewczyk, P. and Richardson, S.},
  title = {Matrix Profile data mining for BGP anomaly detection},
  journal = {Computer Networks},
  volume = {242},
  pages = {110257},
  year = {2024},
  publisher = {Elsevier}
}

@article{tan2024,
  author = {Tan, Y. and Huang, W. and You, Y. and Su, S. and Lu, H.},
  title = {Recognizing BGP Communities Based on Graph Neural Network},
  journal = {IEEE Network},
  volume = {38},
  number = {6},
  pages = {232--238},
  year = {2024},
  publisher = {IEEE}
}
